%% This BibTeX bibliography file was created using BibDesk.
%% http://bibdesk.sourceforge.net/


%% Created for LeeJongchan at 2017-05-26 15:24:37 +0900 


%% Saved with string encoding Unicode (UTF-8) 



@misc{estat,
	Author = {Portal site of official statistics of Japan},
	Date-Added = {2017-03-17 06:57:14 +0000},
	Date-Modified = {2017-03-17 06:57:59 +0000},
	Note = {\url{http://www.e-stat.go.jp/SG1/estat/eStatTopPortalE.do}}}

@misc{uscensus,
	Author = {The U.S. Census Bureau},
	Date-Added = {2017-03-17 06:42:44 +0000},
	Date-Modified = {2017-03-17 06:42:44 +0000},
	Note = {\url{https://www.census.gov/dataviz/visualizations/stem/stem-html/}}}

@misc{resas,
	Author = {RESAS homepage},
	Date-Added = {2017-03-14 04:54:27 +0000},
	Date-Modified = {2017-03-14 04:55:20 +0000},
	Note = {\url{http://www.kantei.go.jp/jp/singi/sousei/resas/}}}

@misc{jpcensus,
	Author = {The Japan Statistics Bureau},
	Date-Added = {2017-03-13 17:22:21 +0000},
	Date-Modified = {2017-03-15 06:31:28 +0000},
	Note = {\url{http://www.stat.go.jp/english/}}}

@inproceedings{climate,
	Author = {P. Alencar and D. Cowan and F. McGarry and R. M. Palmer},
	Booktitle = {2015 3rd International Conference on Future Internet of Things and Cloud},
	Date-Modified = {2017-02-23 08:40:58 +0000},
	Doi = {10.1109/FiCloud.2015.114},
	Keywords = {Big Data;environmental management;water resources;Big Data cloud-based platform;Big Data platform;climate change;cumulative effect decision support software tools;cumulative environmental analysis;cumulative environmental management;droughts;emergency management systems;energy infrastructures;environmental concerns;extreme weather events;land development;land use;population growth;rapid urbanization;resource extraction;rural farm land;urban systems;water resources;Analytical models;Big data;Clouds;Data models;Government;Meteorology;Water resources;Big Data;Environmental Analysis;Environmental Management;Open Data;Software Platform},
	Month = {Aug},
	Pages = {412-417},
	Title = {An Open and Big Data Platform for Cumulative Environmental Analysis and Management},
	Year = {2015},
	Bdsk-Url-1 = {http://dx.doi.org/10.1109/FiCloud.2015.114}}

@article{bigdata,
	Author = {D. Boyd and K. Crawford},
	Date-Modified = {2017-02-23 07:16:09 +0000},
	Doi = {10.1080/1369118X.2012.678878},
	Eprint = {http://dx.doi.org/10.1080/1369118X.2012.678878},
	Journal = {Information, Communication \& Society},
	Number = {5},
	Pages = {662-679},
	Title = {CRITICAL QUESTIONS FOR BIG DATA},
	Url = {http://dx.doi.org/10.1080/1369118X.2012.678878},
	Volume = {15},
	Year = {2012},
	Bdsk-Url-1 = {http://dx.doi.org/10.1080/1369118X.2012.678878}}

@misc{oecd,
	Author = {OECD.Stat homepage},
	Date-Modified = {2017-03-17 06:50:23 +0000},
	Note = {\url{http://stats.oecd.org/}}}

@article{visual,
	Author = {Visualization, Data},
	Journal = {Whitepaper, Source: IDG Research Services},
	Title = {Making Big Data Approachable and Valuable},
	Year = {2012}}

@inproceedings{bigdata3,
	Author = {S. Sagiroglu and D. Sinanc},
	Booktitle = {2013 International Conference on Collaboration Technologies and Systems (CTS)},
	Doi = {10.1109/CTS.2013.6567202},
	Keywords = {data analysis;data privacy;big data advantage;big data challenge;big data content;big data method;big data privacy;big data sample;big data scope;data analysis;data storage;data visualization;Data handling;Data models;Data storage systems;Information management;Organizations;Security;big data;value;variety;velocity;verification;volume},
	Month = {May},
	Pages = {42-47},
	Title = {Big data: A review},
	Year = {2013},
	Bdsk-Url-1 = {http://dx.doi.org/10.1109/CTS.2013.6567202}}

@misc{bigdata4,
	Author = {Manyika, J. and Chui, M. and Brown, B. and Bughin, J. and Dobbs, R. and Roxburgh, C. and Byers, A. H.},
	Citeulike-Article-Id = {9341321},
	Citeulike-Linkout-0 = {http://www.mckinsey.com/Insights/MGI/Research/Technology\_and\_Innovation/Big\_data\_The\_next\_frontier\_for\_innovation},
	Citeulike-Linkout-1 = {http://www.mckinsey.com/mgi/publications/big\_data/pdfs/MGI\_big\_data\_full\_report.pdf},
	Date-Modified = {2017-03-15 06:34:07 +0000},
	Keywords = {big\_data, big\_data\_text\_sum, data\_mining},
	Organization = {McKinsey Global Institute},
	Posted-At = {2013-08-27 08:21:28},
	Priority = {2},
	Title = {{Big data: The next frontier for innovation, competition, and productivity}},
	Url = {http://www.mckinsey.com/Insights/MGI/Research/Technology\_and\_Innovation/Big\_data\_The\_next\_frontier\_for\_innovation},
	Year = {2011},
	Bdsk-Url-1 = {http://www.mckinsey.com/Insights/MGI/Research/Technology%5C_and%5C_Innovation/Big%5C_data%5C_The%5C_next%5C_frontier%5C_for%5C_innovation}}

@article{god1,
	Author = {Bates, J.},
	Date-Modified = {2017-03-14 04:51:23 +0000},
	Journal = {The Journal of Community Informatics},
	Number = {2},
	Title = {{``This is what modern deregulation looks like'': co-optation and contestation in the shaping of the UK's Open Government Data Initiative}},
	Volume = {8},
	Year = {2012}}

@article{bigdata1,
	Author = {Hesse, B. W. and Moser, R. P. and Riley, W. T.},
	Date-Modified = {2017-03-15 06:33:55 +0000},
	Doi = {10.1177/0002716215570007},
	Issn = {0002-7162},
	Journal = {The Annals of the American Academy of Political and Social Science},
	Number = {1},
	Pages = {16--32},
	Title = {From Big Data to Knowledge in the Social Sciences},
	Url = {http://europepmc.org/articles/PMC4539961},
	Volume = {659},
	Year = {2015},
	Bdsk-Url-1 = {http://europepmc.org/articles/PMC4539961},
	Bdsk-Url-2 = {http://dx.doi.org/10.1177/0002716215570007}}

@article{visual1,
	Author = {Lee, S. and Jo, J.-Y. and Kim, Y.},
	Date-Modified = {2017-05-26 06:24:37 +0000},
	Journal = {International Journal of Software Innovation (IJSI)},
	Number = {1},
	Pages = {75--94},
	Publisher = {IGI Global},
	Title = {Restful Web Service and Web-Based Data Visualization for Environmental Monitoring},
	Volume = {3},
	Year = {2015}}

@article{cloud,
	Author = {Lee, Juhnyoung},
	Journal = {International Journal of Networked and Distributed Computing},
	Number = {1},
	Pages = {2--8},
	Publisher = {Atlantis Press},
	Title = {A View Of Cloud Computing},
	Volume = {1},
	Year = {2013}}
